<record><leader>00000cas a22000007a 4500</leader><controlfield tag="001">23248909</controlfield><controlfield tag="008">910315d190119uucousr ne      0    0srp d</controlfield><datafield ind1=" " ind2=" " tag="010"><subfield code="a">sn 91052327 </subfield></datafield><datafield ind1=" " ind2=" " tag="040"><subfield code="a">CNQ</subfield><subfield code="b">eng</subfield><subfield code="c">CNQ</subfield><subfield code="d">CNK</subfield><subfield code="d">OCLCQ</subfield><subfield code="d">OCLCF</subfield><subfield code="d">OCLCO</subfield></datafield><datafield ind1="1" ind2=" " tag="029"><subfield code="a">AU@</subfield><subfield code="b">000025865251</subfield></datafield><datafield ind1="0" ind2=" " tag="041"><subfield code="a">srpeng</subfield></datafield><datafield ind1=" " ind2=" " tag="042"><subfield code="a">msc</subfield></datafield><datafield ind1=" " ind2=" " tag="043"><subfield code="a">n-us-co</subfield></datafield><datafield ind1="0" ind2=" " tag="130"><subfield code="a">Srbin (Pueblo, Colo.)</subfield></datafield><datafield ind1="1" ind2="0" tag="245"><subfield code="a">Srbin.</subfield></datafield><datafield ind1=" " ind2=" " tag="260"><subfield code="a">Pueblo, Colo. :</subfield><subfield code="b">D.M. Shaban</subfield></datafield><datafield ind1=" " ind2=" " tag="300"><subfield code="a">v.</subfield></datafield><datafield ind1=" " ind2=" " tag="310"><subfield code="a">Semiweekly</subfield></datafield><datafield ind1="0" ind2=" " tag="362"><subfield code="a">Godina 1, Broj 1 (Aug. 17, 1901)-</subfield></datafield><datafield ind1=" " ind2=" " tag="546"><subfield code="a">In Serbo-Croatian and English.</subfield></datafield><datafield ind1=" " ind2="0" tag="650"><subfield code="a">Serbs</subfield><subfield code="z">Colorado</subfield><subfield code="z">Pueblo</subfield><subfield code="v">Newspapers.</subfield></datafield><datafield ind1=" " ind2="7" tag="655"><subfield code="a">Newspapers.</subfield><subfield code="2">fast</subfield><subfield code="0">(OCoLC)fst01423814</subfield></datafield><datafield ind1=" " ind2="7" tag="650"><subfield code="a">Serbs.</subfield><subfield code="2">fast</subfield><subfield code="0">(OCoLC)fst01113050</subfield></datafield><datafield ind1=" " ind2="7" tag="651"><subfield code="a">Colorado</subfield><subfield code="z">Pueblo.</subfield><subfield code="2">fast</subfield><subfield code="0">(OCoLC)fst01206395</subfield></datafield><datafield ind1=" " ind2=" " tag="752"><subfield code="a">United States</subfield><subfield code="b">Colorado</subfield><subfield code="c">Pueblo</subfield><subfield code="d">Pueblo.</subfield></datafield></record>